@inproceedings{sklearn_api,
  author    = {Lars Buitinck and Gilles Louppe and Mathieu Blondel and
               Fabian Pedregosa and Andreas Mueller and Olivier Grisel and
               Vlad Niculae and Peter Prettenhofer and Alexandre Gramfort
               and Jaques Grobler and Robert Layton and Jake VanderPlas and
               Arnaud Joly and Brian Holt and Ga{\"{e}}l Varoquaux},
  title     = {{API} design for machine learning software: experiences from the scikit-learn
               project},
  booktitle = {ECML PKDD Workshop: Languages for Data Mining and Machine Learning},
  year      = {2013},
  pages = {108--122},
}
@article{Jaro,
    author = { Matthew A. Jaro },
    title = {Advances in Record-Linkage Methodology as Applied to Matching the 1985 Census of Tampa, Florida},
    journal = {Journal of the American Statistical Association},
    volume = {84},
    number = {406},
    pages = {414-420},
    year  = {1989},
    publisher = {Taylor & Francis},
    doi = {10.1080/01621459.1989.10478785},
    URL = {https://www.tandfonline.com/doi/abs/10.1080/01621459.1989.10478785},
    eprint = { https://www.tandfonline.com/doi/pdf/10.1080/01621459.1989.10478785}
}
@online{Soundex,
  author = {National Archives},
  title = {The Soundex Indexing System},
  year = 2007,
  url = {https://www.archives.gov/research/census/soundex.html},
  urldate = {2019-04-28}
}